@article{caffe,
    author = {Jia, Yangqing and Shelhamer, Evan and Donahue, Jeff and Karayev, Sergey and Long, Jonathan and Girshick, Ross and Guadarrama, Sergio and Darrell, Trevor},
    journal = {arXiv preprint arXiv:1408.5093},
    title = {Caffe: Convolutional Architecture for Fast Feature Embedding},
    year = {2014}
}

@misc{eigen,
    author = {Ga\"{e}l Guennebaud and Beno\^{i}t Jacob and others},
    title = {Eigen v3},
    howpublished = {http://eigen.tuxfamily.org},
    year = {2010}
}

@inproceedings{return,
    author = {Chatfield, K. and Simonyan, K. and Vedaldi, A. and Zisserman, A.},
    title = {Return of the Devil in the Details: Delving Deep into Convolutional Nets},
    booktitle = {British Machine Vision Conference},
    year = {2014}
}

@article{resnets1,
    author = {Simonyan, K. and Zisserman, A.},
    title = {Very Deep Convolutional Networks for Large-Scale Image Recognition},
    journal = {CoRR},
    year = {2014}
}

@article{resnets2,
    author = {Kaiming He and Xiangyu Zhang and Shaoqing Ren and Jian Sun},
    title = {Deep Residual Learning for Image Recognition},
    journal = {arXiv preprint arXiv:1512.03385},
    year = {2015}
}

@article{lenet,
    author = {LeCun, Y. and Bottou, L. and Bengio, Y. and Haffner, P.},
    title = {Gradient-Based Learning Applied to Document Recognition},
    journal = {Proceedings of the IEEE},
    month = {November},
    volume = {86},
    number = {11},
    pages = {2278-2324},
    year = {1998}
}

@techreport{cifar,
    author = {Alex Krizhevsky},
    title = {Learning multiple layers of features from tiny images},
    institution = {University of Toronto},
    year = {2009}
}

@misc{mnist,
    author = {LeCun, Yann and Cortes, Corinna},
    howpublished = {http://yann.lecun.com/exdb/mnist/},
    title = {{MNIST} handwritten digit database},
    year = {2010}
}

@inproceedings{imagenet,
    author = {Deng, J. and Dong, W. and Socher, R. and Li, L.-J. and Li, K. and Fei-Fei, L.},
    title = {{ImageNet: A Large-Scale Hierarchical Image Database}},
    booktitle = {CVPR09},
    year = {2009}
}

@unpublished{convnets,
    author = {Karpathy, Andrej},
    institution = {Stanford University},
    howpublished = {University Lecture},
    year = {2017},
    title = {CS231n Convolutional Neural Networks for Visual Recognition}
}

@misc{warden_gemm,
    author = {Warden, Pete},
    title = {Why GEMM is at the heart of deep learning},
    year = {2015}
}

@misc{warden_quantize,
    author = {Warden, Pete},
    title = {How to Quantize Neural Networks with TensorFlow},
    year = {2016}
}

@misc{eigen_vs_armadillo,
    author = {Ho, Nghia},
    title = {OpenCV vs. Armadillo vs. Eigen vs. more! Round 3: pseudoinverse test},
    year = {2012}
}

@inproceedings{improving_speed,
    title = {Improving the speed of neural networks on CPUs},
    author  = {Vincent Vanhoucke and Andrew Senior and Mark Z. Mao},
    year  = {2011},
    booktitle = {Deep Learning and Unsupervised Feature Learning Workshop, NIPS 2011}
}

@misc{benchmarks,
    author = {Chintala, Soumith},
    title = {convnet-benchmarks},
    year = {2016}
}

@misc{gemmlowp,
    author = {Google Inc., Intel Corporation, ARM Ltd., Silk Labs Inc.},
    title = {gemmlowp: a small self-contained low-precision GEMM library},
    year = {2017}
}

@misc{history,
    author = {Ha The Hien, Dang},
    title = {The Modern History of Object Recognition},
    year = {2017}
}

@article{BLAS,
    author = {The National Science Foundation},
    title = {An Updated Set of Basic Linear Algebra Subprograms (BLAS)},
    journal = {ACM Trans. Math. Softw.},
    year = {2002}
}

@inproceedings{im2col,
    title = {High Performance Convolutional Neural Networks for Document Processing},
    author = {Chellapilla, Kumar and Puri, Sidd and Simard, Patrice},
    booktitle = {Tenth International Workshop on Frontiers in Handwriting Recognition},
    year = {2006}
}

@article{ieee,
    author={Institute of Electrical and Electronics Engineers},
    title={IEEE standard for binary floating-point arithmetic},
    year={1985}
}

@Misc{scipy,
    author =    {Eric Jones and Travis Oliphant and Pearu Peterson and others},
    title =     {{SciPy}: Open source scientific tools for Python},
    year =      {2001},
    url = "http://www.scipy.org/",
}

@article{perceptron,
    title = "A learning rule for very simple universal approximators consisting of a single layer of perceptrons",
    year = "2008",
    url = "http://www.sciencedirect.com/science/article/pii/S0893608007002730",
    author = "Peter Auer and Harald Burgsteiner and Wolfgang Maass"
}
